%ALICE articles
@article{Aamodt:2010pb,
      author         = "Aamodt, K and others",
      title          = "{Charged-particle multiplicity density at mid-rapidity in
                        central Pb-Pb collisions at $\sqrt{s_{NN}} = 2.76$ TeV}",
      collaboration  = "ALICE Collaboration",
      journal        = "Phys.Rev.Lett.",
      volume         = "105",
      pages          = "252301",
      doi            = "10.1103/PhysRevLett.105.252301",
      year           = "2010",
      eprint         = "1011.3916",
      archivePrefix  = "arXiv",
      primaryClass   = "nucl-ex",
      SLACcitation   = "%%CITATION = ARXIV:1011.3916;%%",
}
@article{Aamodt:2010cz,
      author         = "Aamodt, Kenneth and others",
      title          = "{Centrality dependence of the charged-particle
                        multiplicity density at mid-rapidity in Pb-Pb collisions
                        at $\sqrt{s_{NN}}=2.76$ TeV}",
      collaboration  = "ALICE Collaboration",
      journal        = "Phys.Rev.Lett.",
      volume         = "106",
      pages          = "032301",
      doi            = "10.1103/PhysRevLett.106.032301",
      year           = "2011",
      eprint         = "1012.1657",
      archivePrefix  = "arXiv",
      primaryClass   = "nucl-ex",
      SLACcitation   = "%%CITATION = ARXIV:1012.1657;%%",
}

@article{Abelev:2013qoq,
      author         = "Abelev, Betty and others",
      title          = "{Centrality determination of Pb-Pb collisions at
                        sqrt(sNN) = 2.76 TeV with ALICE}",
      collaboration  = " ALICE Collaboration",
      journal        = "Phys.Rev.",
      volume         = "C88",
      pages          = "044909",
      doi            = "10.1103/PhysRevC.88.044909",
      year           = "2013",
      eprint         = "1301.4361",
      archivePrefix  = "arXiv",
      primaryClass   = "nucl-ex",
      reportNumber   = "CERN-PH-EP-2012-368",
      SLACcitation   = "%%CITATION = ARXIV:1301.4361;%%",
}
@article{Abelev:2013vea,
      author         = "Abelev, Betty and others",
      title          = "{Centrality dependence of {\pi}, K, p production in Pb-Pb
                        collisions at sqrt(sNN) = 2.76 TeV}",
      collaboration  = "ALICE Collaboration",
      journal        = "Phys.Rev.",
      volume         = "C88",
      pages          = "044910",
      doi            = "10.1103/PhysRevC.88.044910",
      year           = "2013",
      eprint         = "1303.0737",
      archivePrefix  = "arXiv",
      primaryClass   = "hep-ex",
      reportNumber   = "CERN-PH-EP-2013-019",
      SLACcitation   = "%%CITATION = ARXIV:1303.0737;%%",
}
@article{Abelev:2012sq,
      author         = "Abelev, B. and others",
      title          = "{Charged kaon femtoscopic correlations in $pp$ collisions
                        at $\sqrt{s}=7$ TeV}",
      collaboration  = "ALICE Collaboration",
      journal        = "Phys.Rev.",
      volume         = "D87",
      pages          = "052016",
      doi            = "10.1103/PhysRevD.87.052016",
      year           = "2013",
      eprint         = "1212.5958",
      archivePrefix  = "arXiv",
      primaryClass   = "hep-ex",
      SLACcitation   = "%%CITATION = ARXIV:1212.5958;%%",
}
@article{Abelev:2012xe,
      author         = "Abelev, Betty and others",
      title          = "{Measurement of electrons from semileptonic heavy-flavour
                        hadron decays in pp collisions at \sqrt{s} = 7 TeV}",
      collaboration  = "ALICE Collaboration",
      journal        = "Phys.Rev.",
      volume         = "D86",
      pages          = "112007",
      doi            = "10.1103/PhysRevD.86.112007",
      year           = "2012",
      eprint         = "1205.5423",
      archivePrefix  = "arXiv",
      primaryClass   = "hep-ex",
      reportNumber   = "CERN-PH-EP-2012-131",
      SLACcitation   = "%%CITATION = ARXIV:1205.5423;%%",
}
%ATLAS articles

%CMS articles

%other articles
@article{Miller:2007ri,
      author         = "Miller, Michael L. and Reygers, Klaus and Sanders,
                        Stephen J. and Steinberg, Peter",
      title          = "{Glauber modeling in high energy nuclear collisions}",
      journal        = "Ann.Rev.Nucl.Part.Sci.",
      volume         = "57",
      pages          = "205-243",
      doi            = "10.1146/annurev.nucl.57.090506.123020",
      year           = "2007",
      eprint         = "nucl-ex/0701025",
      archivePrefix  = "arXiv",
      primaryClass   = "nucl-ex",
      SLACcitation   = "%%CITATION = NUCL-EX/0701025;%%",
}
@article{Glauber:1955qq,
      author         = "Glauber, R.J.",
      title          = "{Cross-sections in deuterium at high-energies}",
      journal        = "Phys.Rev.",
      volume         = "100",
      pages          = "242-248",
      doi            = "10.1103/PhysRev.100.242",
      year           = "1955",
      SLACcitation   = "%%CITATION = PHRVA,100,242;%%",
}
@article{Glauber:2006gd,
      author         = "Glauber, Roy J.",
      title          = "{Quantum Optics and Heavy Ion Physics}",
      journal        = "Nucl.Phys.",
      volume         = "A774",
      pages          = "3-13",
      doi            = "10.1016/j.nuclphysa.2006.06.009",
      year           = "2006",
      eprint         = "nucl-th/0604021",
      archivePrefix  = "arXiv",
      primaryClass   = "nucl-th",
      SLACcitation   = "%%CITATION = NUCL-TH/0604021;%%",
}

@article{Shor:1988vk,
      author         = "Shor, Asher and Longacre, Ronald S.",
      title          = "{Effects of Secondary Interactions in Proton - Nucleus
                        and Nucleus-nucleus Collisions Using the Hijet Event
                        Generator}",
      journal        = "Phys.Lett.",
      volume         = "B218",
      pages          = "100",
      doi            = "10.1016/0370-2693(89)90483-8",
      year           = "1989",
      reportNumber   = "BNL-42024",
      SLACcitation   = "%%CITATION = PHLTA,B218,100;%%",
}
@article{Alver:2008aq,
      author         = "Alver, B. and Baker, M. and Loizides, C. and Steinberg,
                        P.",
      title          = "{The PHOBOS Glauber Monte Carlo}",
      year           = "2008",
      eprint         = "0805.4411",
      archivePrefix  = "arXiv",
      primaryClass   = "nucl-ex",
      SLACcitation   = "%%CITATION = ARXIV:0805.4411;%%",
}

@article{DeJager:1987qc,
      author         = "De Vries, H. and De Jager, C.W. and De Vries, C.",
      title          = "{Nuclear charge and magnetization density distribution
                        parameters from elastic electron scattering}",
      journal        = "Atom.Data Nucl.Data Tabl.",
      volume         = "36",
      pages          = "495-536",
      doi            = "10.1016/0092-640X(87)90013-1",
      year           = "1987",
      SLACcitation   = "%%CITATION = ADNDA,36,495;%%",
}
